% use `texdoc biblatex` to get help
@www{GNUdoc,
  title  = {The GNU C++ Library Manual},
  author = {GNU},
  year   = {2024},
  url    = {https://gcc.gnu.org/onlinedocs/}
}
@www{midpointmethod,
  title  = {An improved midpoint rasterization algorithm implemented in FPGA},
  author = {Junjie Xue and Dihan Ai and Mingjiang Wang},
  year   = {2023},
  url    = {https://www.sciencedirect.com/science/article/abs/pii/S0141938222001822?via%3Dihub}
}
@www{na,
  title = {Numerical Analysis},
  author = {Richard L. Burden and J. Douglas Faires},
  year = {2010}
}
@www{ca,
  title = {Computer Architecture,A Quantative Approach},
  author = {John L. Hennessy and David A. Patterson},
  year = {2019}
}

@www{tikz,
  title  = {tikz宏包},
  author = {Till Tantau},
  year   = {2018},
  url    = {https://sourceforge.net/projects/pgf/}
}
@www{zjugradthesisrules,
  title  = {浙江大学研究生学位论文编写规则},
  author = {浙江大学研究生院},
  year   = {2008},
  url    = {http://grs.zju.edu.cn/redir.php?catalog_id=10038&object_id=12877}
}

@www{zjuthesisrules,
  title  = {浙江大学本科生毕业论文（设计）编写规则},
  author = {浙江大学本科生院},
  year   = {2018},
  url    = {http://bksy.zju.edu.cn/attachments/2018-01/01-1517384518-1149149.pdf}
}

@www{ray,
  title = {Position of Point Relative to Polygon. Communications of the ACM},
  author = {Shimrat},
  year = {1962}
}

@www{square,
  title = {Computational Geometry in C (2nd ed.)},
  author = {O'Rourke},
  year = {1998}
}

@www{edgefunction,
  title = {Point in polygon strategies},
  author = {Haines},
  year = {1994}
}

@book{RealTileCollision,
  title = {Real-Time Collision Detection},
  author = {Ericson},
  year = {2005}
  
}